
@techreport{singh2012wikilinks,
	Author = {Sameer Singh and Amarnag Subramanya and Fernando Pereira and Andrew McCallum},
	Date-Added = {2016-08-29 00:37:23 -0400},
	Date-Modified = {2016-08-29 00:37:34 -0400},
	Institute = {University of Massachusetts, Amherst},
	Number = {UM-CS-2012-015},
	Title = {Wikilinks: A Large-scale Cross-Document Coreference Corpus Labeled via Links to {Wikipedia}},
	Year = {2012}}

@book{manning2008introduction,
	Author = {Christopher D. Manning and Prabhakar Raghavan and Hinrich Sch{\"{u}}tze},
	Date-Added = {2016-09-04 00:19:46 -0400},
	Date-Modified = {2016-09-04 00:23:43 -0400},
	Isbn = {0-521-86571-9},
	Month = {July},
	Publisher = {Cambridge Press},
	Title = {Introduction to Information Retrieval},
	Year = {2008}}


@inproceedings{basu1998recommendation,
	Author = {Basu, Chumki and Hirsh, Haym and Cohen, William and others},
	Booktitle = {AAAI},
	Date-Added = {2016-09-02 00:37:16 -0400},
	Date-Modified = {2016-09-02 00:37:31 -0400},
	Pages = {714--720},
	Title = {Recommendation as classification: Using social and content-based information in recommendation},
	Year = {1998}}

@inproceedings{wang2012baselines,
	Address = {Jeju Island, Korea},
	Author = {Wang, Sida and Manning, Christopher},
	Booktitle = {Proceedings of the 50th Annual Meeting of the Association for Computational Linguistics (Volume 2: Short Papers)},
	Date-Added = {2016-09-02 18:27:10 -0400},
	Date-Modified = {2016-09-02 18:27:29 -0400},
	Month = {July},
	Pages = {90--94},
	Publisher = {Association for Computational Linguistics},
	Title = {Baselines and Bigrams: Simple, Good Sentiment and Topic Classification},
	Url = {http://www.aclweb.org/anthology/P12-2018},
	Year = {2012},
	Bdsk-Url-1 = {http://www.aclweb.org/anthology/P12-2018}}


@url{dbpedia-ontology-url,
	Author = {DBpedia},
	Date-Added = {2016-09-04 13:39:02 -0400},
	Date-Modified = {2016-09-04 13:40:14 -0400},
	Lastchecked = {September 4 2016},
	Title = {DBpedia Ontology Classes},
	Url = {http://mappings.dbpedia.org/server/ontology/classes}}
