
@incollection{talukdar2009new,
	Author = {Talukdar, Partha Pratim and Crammer, Koby},
	Booktitle = {Machine Learning and Knowledge Discovery in Databases},
	Date-Added = {2016-02-14 23:54:37 -0500},
	Date-Modified = {2016-02-15 00:15:10 -0500},
	Keywords = {kbvn},
	Pages = {442--457},
	Publisher = {Springer},
	Title = {New regularized algorithms for transductive learning},
	Year = {2009}}

@manual{tac2015cold,
	Author = {TAC-KBP@NIST},
	Date-Added = {2016-05-01 04:22:32 -0400},
	Date-Modified = {2016-05-01 04:24:52 -0400},
	Edition = {1.1},
	Month = {July},
	Organization = {NIST},
	Title = {Cold Start Knowledge Base Population at TAC 2015 Task Description},
	Year = {2015}}

@unpublished{bbn2015bonan,
	Author = {Bonan Min, Constantine Lignos, Marjorie Freedman},
	Date-Added = {2016-05-01 04:20:26 -0400},
	Date-Modified = {2016-05-01 04:22:21 -0400},
	Title = {BBN's 2015 System For Cold Start Knowledge Base Population},
	Year = {2015}}
