
@inproceedings{mikolov2013distributed,
	Author = {Mikolov, Tomas and Sutskever, Ilya and Chen, Kai and Corrado, Greg and Dean, Jeff},
	Booktitle = {Proceedings of NIPS},
	Date-Added = {2015-01-26 09:31:46 -0500},
	Date-Modified = {2015-01-26 09:31:46 -0500},
	Keywords = {mvppdb},
	Title = {Distributed representations of words and phrases and their compositionality},
	Year = {2013}}

@inproceedings{wang2012baselines,
	Address = {Jeju Island, Korea},
	Author = {Wang, Sida and Manning, Christopher},
	Booktitle = {Proceedings of the 50th Annual Meeting of the Association for Computational Linguistics (Volume 2: Short Papers)},
	Date-Added = {2016-09-02 18:27:10 -0400},
	Date-Modified = {2016-09-02 18:27:29 -0400},
	Month = {July},
	Pages = {90--94},
	Publisher = {Association for Computational Linguistics},
	Title = {Baselines and Bigrams: Simple, Good Sentiment and Topic Classification},
	Url = {http://www.aclweb.org/anthology/P12-2018},
	Year = {2012},
	Bdsk-Url-1 = {http://www.aclweb.org/anthology/P12-2018}}
