
@article{fishkind2015vertex,
	Author = {Fishkind, Donniell E and Lyzinski, Vince and Pao, Henry and Chen, Li and Priebe, Carey E and others},
	Date-Added = {2016-02-15 04:08:47 -0500},
	Date-Modified = {2016-02-15 04:08:47 -0500},
	Journal = {The Annals of Applied Statistics},
	Number = {3},
	Pages = {1510--1532},
	Publisher = {Institute of Mathematical Statistics},
	Title = {Vertex nomination schemes for membership prediction},
	Volume = {9},
	Year = {2015}}

@incollection{talukdar2009new,
	Author = {Talukdar, Partha Pratim and Crammer, Koby},
	Booktitle = {Machine Learning and Knowledge Discovery in Databases},
	Date-Added = {2016-02-14 23:54:37 -0500},
	Date-Modified = {2016-02-15 00:15:10 -0500},
	Keywords = {kbvn},
	Pages = {442--457},
	Publisher = {Springer},
	Title = {New regularized algorithms for transductive learning},
	Year = {2009}}

@inproceedings{nickel2011three,
	Author = {Nickel, Maximilian and Tresp, Volker and Kriegel, Hans-Peter},
	Booktitle = {Proceedings of the 28th international conference on machine learning (ICML-11)},
	Date-Added = {2016-02-17 10:35:51 -0500},
	Date-Modified = {2016-02-17 10:35:51 -0500},
	Pages = {809--816},
	Title = {A three-way model for collective learning on multi-relational data},
	Year = {2011}}
